@article{href,
  author    = {Janette Novak},
  title     = {What Is Digital Marketing? Types, Strategies and Best Practices},
  year      = {2024},
  howpublished = "\url{https://www.forbes.com/advisor/business/what-is-digital-marketing/}",
  note      = {https://www.forbes.com/advisor/business/what-is-digital-marketing/},
}
